@article {MR1871085,
    AUTHOR = {Bergman, Clifford and Slutzki, Giora},
     TITLE = {Computational complexity of some problems involving
              congruences on algebras},
   JOURNAL = {Theoret. Comput. Sci.},
  FJOURNAL = {Theoretical Computer Science},
    VOLUME = {270},
      YEAR = {2002},
    NUMBER = {1-2},
     PAGES = {591--608},
      ISSN = {0304-3975},
     CODEN = {TCSDI},
   MRCLASS = {08A30 (05C85 08A35 68Q17)},
  MRNUMBER = {1871085 (2002i:08002)},
MRREVIEWER = {Radim B{\v{e}}lohl{\'a}vek},
       DOI = {10.1016/S0304-3975(01)00009-3},
       URL = {http://dx.doi.org/10.1016/S0304-3975(01)00009-3},
}
@unpublished{com-fix-poi,
  author    = {William DeMeo},
  title     = {The Commutator as Fixed Point of a Closure Operator},
  year      = {2017},
  note = {Unpublished seminar notes}
}
@article {MR1695293,
    AUTHOR = {Bergman, Clifford and Juedes, David and Slutzki, Giora},
     TITLE = {Computational complexity of term-equivalence},
   JOURNAL = {Internat. J. Algebra Comput.},
  FJOURNAL = {International Journal of Algebra and Computation},
    VOLUME = {9},
      YEAR = {1999},
    NUMBER = {1},
     PAGES = {113--128},
      ISSN = {0218-1967},
   MRCLASS = {68Q17 (08A70 68Q15)},
  MRNUMBER = {1695293 (2000b:68088)},
       DOI = {10.1142/S0218196799000084},
       URL = {http://dx.doi.org/10.1142/S0218196799000084},
}
@article {MR3449235,
    AUTHOR = {Kearnes, Keith and Szendrei, {\'A}gnes and Willard, Ross},
     TITLE = {A finite basis theorem for difference-term varieties with a
              finite residual bound},
   JOURNAL = {Trans. Amer. Math. Soc.},
  FJOURNAL = {Transactions of the American Mathematical Society},
    VOLUME = {368},
      YEAR = {2016},
    NUMBER = {3},
     PAGES = {2115--2143},
      ISSN = {0002-9947},
   MRCLASS = {03C05 (08B05 08B10)},
  MRNUMBER = {3449235},
       DOI = {10.1090/tran/6509},
       URL = {http://dx.doi.org/10.1090/tran/6509},
}
@article {MR1663558,
    AUTHOR = {Kearnes, Keith A. and Szendrei, {\'A}gnes},
     TITLE = {The relationship between two commutators},
   JOURNAL = {Internat. J. Algebra Comput.},
  FJOURNAL = {International Journal of Algebra and Computation},
    VOLUME = {8},
      YEAR = {1998},
    NUMBER = {4},
     PAGES = {497--531},
      ISSN = {0218-1967},
   MRCLASS = {08A05 (08A30)},
  MRNUMBER = {1663558},
MRREVIEWER = {M. G. Stone},
       DOI = {10.1142/S0218196798000247},
       URL = {http://dx.doi.org/10.1142/S0218196798000247},
}
@article{KSW,
title = {Simpler maltsev conditions for (weak) difference terms in locally finite varieties},
author = {Kearnes, Keith and Szendrei, \'{A}gnes and Willard, Ross},
note = {to appear}
}

@article{DeMeo:2017,
title = {On Deciding Existence of Difference Terms},
author = {DeMeo, William},
note = {to appear}
}

@article {MR3239624,
    AUTHOR = {Valeriote, M. and Willard, R.},
     TITLE = {Idempotent {$n$}-permutable varieties},
   JOURNAL = {Bull. Lond. Math. Soc.},
  FJOURNAL = {Bulletin of the London Mathematical Society},
    VOLUME = {46},
      YEAR = {2014},
    NUMBER = {4},
     PAGES = {870--880},
      ISSN = {0024-6093},
   MRCLASS = {08A05 (06F99 68Q25)},
  MRNUMBER = {3239624},
       DOI = {10.1112/blms/bdu044},
       URL = {http://dx.doi.org/10.1112/blms/bdu044},
}
@article {MR3350327,
    AUTHOR = {Kozik, Marcin and Krokhin, Andrei and Valeriote, Matt and
              Willard, Ross},
     TITLE = {Characterizations of several {M}altsev conditions},
   JOURNAL = {Algebra Universalis},
  FJOURNAL = {Algebra Universalis},
    VOLUME = {73},
      YEAR = {2015},
    NUMBER = {3-4},
     PAGES = {205--224},
      ISSN = {0002-5240},
   MRCLASS = {08B05 (08A70 08B10)},
  MRNUMBER = {3350327},
MRREVIEWER = {David Hobby},
       DOI = {10.1007/s00012-015-0327-2},
       URL = {http://dx.doi.org/10.1007/s00012-015-0327-2},
}
@article {MR1358491,
    AUTHOR = {Kearnes, Keith A.},
     TITLE = {Varieties with a difference term},
   JOURNAL = {J. Algebra},
  FJOURNAL = {Journal of Algebra},
    VOLUME = {177},
      YEAR = {1995},
    NUMBER = {3},
     PAGES = {926--960},
      ISSN = {0021-8693},
     CODEN = {JALGA4},
   MRCLASS = {08B10 (08B05)},
  MRNUMBER = {1358491},
MRREVIEWER = {H. Peter Gumm},
       DOI = {10.1006/jabr.1995.1334},
       URL = {http://dx.doi.org/10.1006/jabr.1995.1334},
}
@book {MR2839398,
    AUTHOR = {Bergman, Clifford},
     TITLE = {Universal algebra},
    SERIES = {Pure and Applied Mathematics (Boca Raton)},
    VOLUME = {301},
      NOTE = {Fundamentals and selected topics},
 PUBLISHER = {CRC Press, Boca Raton, FL},
      YEAR = {2012},
     PAGES = {xii+308},
      ISBN = {978-1-4398-5129-6},
   MRCLASS = {08-02 (06-02 08A40 08B05 08B10 08B26)},
  MRNUMBER = {2839398 (2012k:08001)},
MRREVIEWER = {Konrad P. Pi{\'o}ro},
}
@article {MR0434928,
    AUTHOR = {Taylor, Walter},
     TITLE = {Varieties obeying homotopy laws},
   JOURNAL = {Canad. J. Math.},
  FJOURNAL = {Canadian Journal of Mathematics. Journal Canadien de
              Math\'ematiques},
    VOLUME = {29},
      YEAR = {1977},
    NUMBER = {3},
     PAGES = {498--527},
      ISSN = {0008-414X},
   MRCLASS = {08A25},
  MRNUMBER = {0434928 (55 \#7891)},
MRREVIEWER = {James B. Nation},
}
  @BOOK{HM:1988,
    AUTHOR = {Hobby, David and McKenzie, Ralph},
    TITLE = {The structure of finite algebras},
    SERIES = {Contemporary Mathematics},
    VOLUME = {76},
    PUBLISHER = {American Mathematical Society},
    ADDRESS = {Providence, RI},
    YEAR = {1988},
    PAGES = {xii+203},
    ISBN = {0-8218-5073-3},
    MRCLASS = {08A05 (03C05 08-02 08B05)},
    MRNUMBER = {958685 (89m:08001)},
    MRREVIEWER = {Joel Berman},
    note = {Available from:
      \href{http://math.hawaii.edu/~ralph/Classes/619/HobbyMcKenzie-FiniteAlgebras.pdf}{math.hawaii.edu}}
  }
@article {MR0455543,
    AUTHOR = {Jones, Neil D. and Laaser, William T.},
     TITLE = {Complete problems for deterministic polynomial time},
   JOURNAL = {Theoret. Comput. Sci.},
  FJOURNAL = {Theoretical Computer Science},
    VOLUME = {3},
      YEAR = {1976},
    NUMBER = {1},
     PAGES = {105--117 (1977)},
      ISSN = {0304-3975},
   MRCLASS = {68A20},
  MRNUMBER = {0455543},
MRREVIEWER = {Forbes D. Lewis},
       DOI = {10.1016/0304-3975(76)90068-2},
       URL = {http://dx.doi.org/10.1016/0304-3975(76)90068-2},
}

  @article {Freese:2009,
    AUTHOR = {Freese, Ralph and Valeriote, Matthew A.},
    TITLE = {On the complexity of some {M}altsev conditions},
    JOURNAL = {Internat. J. Algebra Comput.},
    FJOURNAL = {International Journal of Algebra and Computation},
    VOLUME = {19},
    YEAR = {2009},
    NUMBER = {1},
    PAGES = {41--77},
    ISSN = {0218-1967},
    MRCLASS = {08B05 (03C05 08B10 68Q25)},
    MRNUMBER = {2494469 (2010a:08008)},
    MRREVIEWER = {Clifford H. Bergman},
    DOI = {10.1142/S0218196709004956},
    URL = {http://dx.doi.org/10.1142/S0218196709004956}
  }
@article {MR3076179,
    AUTHOR = {Kearnes, Keith A. and Kiss, Emil W.},
     TITLE = {The shape of congruence lattices},
   JOURNAL = {Mem. Amer. Math. Soc.},
  FJOURNAL = {Memoirs of the American Mathematical Society},
    VOLUME = {222},
      YEAR = {2013},
    NUMBER = {1046},
     PAGES = {viii+169},
      ISSN = {0065-9266},
      ISBN = {978-0-8218-8323-5},
   MRCLASS = {08B05 (08B10)},
  MRNUMBER = {3076179},
MRREVIEWER = {James B. Nation},
       DOI = {10.1090/S0065-9266-2012-00667-8},
       URL = {http://dx.doi.org/10.1090/S0065-9266-2012-00667-8},
}
@incollection {MR1404955,
    AUTHOR = {Kearnes, Keith A.},
     TITLE = {Idempotent simple algebras},
 BOOKTITLE = {Logic and algebra ({P}ontignano, 1994)},
    SERIES = {Lecture Notes in Pure and Appl. Math.},
    VOLUME = {180},
     PAGES = {529--572},
 PUBLISHER = {Dekker, New York},
      YEAR = {1996},
   MRCLASS = {08B05 (06F25 08A05 08A30)},
  MRNUMBER = {1404955 (97k:08004)},
MRREVIEWER = {E. W. Kiss},
}
@misc{william_demeo_2016_53936,
  author       = {DeMeo, William and Freese, Ralph},
  title        = {AlgebraFiles v1.0.1},
  month        = May,
  year         = 2016,
  doi          = {10.5281/zenodo.53936},
  url          = {http://dx.doi.org/10.5281/zenodo.53936}
}
@article{FreeseMcKenzie2016,
 Author = {Freese, Ralph and McKenzie, Ralph},
 Date-Added = {2016-08-22 19:43:56 +0000},
 Date-Modified = {2016-08-22 19:45:50 +0000},
 Journal = {Algebra Universalis},
 Title = {Mal'tsev families of varieties closed under join or Mal'tsev product},
 Year = {to appear}
}
@article {MR2333368,
    AUTHOR = {Kearnes, Keith A. and Tschantz, Steven T.},
     TITLE = {Automorphism groups of squares and of free algebras},
   JOURNAL = {Internat. J. Algebra Comput.},
  FJOURNAL = {International Journal of Algebra and Computation},
    VOLUME = {17},
      YEAR = {2007},
    NUMBER = {3},
     PAGES = {461--505},
      ISSN = {0218-1967},
   MRCLASS = {08A35 (08B20 20B25)},
  MRNUMBER = {2333368},
MRREVIEWER = {Giovanni Ferrero},
       DOI = {10.1142/S0218196707003615},
       URL = {http://dx.doi.org/10.1142/S0218196707003615},
}
@article {MR2504025,
    AUTHOR = {Valeriote, Matthew A.},
     TITLE = {A subalgebra intersection property for congruence distributive
              varieties},
   JOURNAL = {Canad. J. Math.},
  FJOURNAL = {Canadian Journal of Mathematics. Journal Canadien de
              Math\'ematiques},
    VOLUME = {61},
      YEAR = {2009},
    NUMBER = {2},
     PAGES = {451--464},
      ISSN = {0008-414X},
     CODEN = {CJMAAB},
   MRCLASS = {08B10 (08A30 08B05)},
  MRNUMBER = {2504025},
MRREVIEWER = {Jarom{\'{\i}}r Duda},
       DOI = {10.4153/CJM-2009-023-2},
       URL = {http://dx.doi.org/10.4153/CJM-2009-023-2},
}
@misc{UACalc,
 Author = {Ralph Freese and Emil Kiss and Matthew Valeriote},
 Date-Added = {2014-11-20 01:52:20 +0000},
 Date-Modified = {2014-11-20 01:52:20 +0000},
 Note = {Available at: {\verb+www.uacalc.org+}},
 Title = {Universal {A}lgebra {C}alculator},
 Year = {2011}
}
@article{Freese2008,
 Author = {Freese, Ralph},
 Date-Added = {2016-08-29 01:31:23 +0000},
 Date-Modified = {2016-08-29 01:32:09 +0000},
 Journal = {Alg. Univ.},
 Pages = {337--343},
 Title = {Computing congruences efficiently},
 Volume = {59},
 Year = {2008}
}
@article {MR2470585,
    AUTHOR = {Freese, Ralph},
     TITLE = {Computing congruences efficiently},
   JOURNAL = {Algebra Universalis},
  FJOURNAL = {Algebra Universalis},
    VOLUME = {59},
      YEAR = {2008},
    NUMBER = {3-4},
     PAGES = {337--343},
      ISSN = {0002-5240},
   MRCLASS = {08A30 (08A40 68W30 68W40)},
  MRNUMBER = {2470585 (2009j:08003)},
MRREVIEWER = {Clifford H. Bergman},
       DOI = {10.1007/s00012-008-2073-1},
       URL = {http://dx.doi.org/10.1007/s00012-008-2073-1},
}
@incollection {MR1191235,
    AUTHOR = {Szendrei, {\'A}gnes.},
     TITLE = {A survey on strictly simple algebras and minimal varieties},
 BOOKTITLE = {Universal algebra and quasigroup theory ({J}adwisin, 1989)},
    SERIES = {Res. Exp. Math.},
    VOLUME = {19},
     PAGES = {209--239},
 PUBLISHER = {Heldermann, Berlin},
      YEAR = {1992},
   MRCLASS = {08-02 (08A40 08B05)},
  MRNUMBER = {1191235 (93h:08001)},
MRREVIEWER = {Ivan Chajda},
}
@unpublished{Bergman-DeMeo,
    AUTHOR = {Bergman, Clifford and DeMeo, William},
    TITLE = {Universal Algebraic Methods for Constraint Satisfaction Problems:
      with applications to commutative idempotent binars},
    YEAR = {2016},
    NOTE = {unpublished notes; soon to be available online},
    URL = {https://github.com/UniversalAlgebra/algebraic-csp}
}
