@article{Bergman-DeMeo-2016,
  author    = {Clifford Bergman and William DeMeo},
  title     = {Universal Algebraic Methods for Constraint Satisfaction Problems},
  journal   = {CoRR},
  volume    = {abs/1611.02867},
  year      = {2016},
  url       = {http://arxiv.org/abs/1611.02867},
  timestamp = {Thu, 01 Dec 2016 19:32:08 +0100},
  biburl    = {http://dblp.uni-trier.de/rec/bib/journals/corr/BergmanD16},
  bibsource = {dblp computer science bibliography, http://dblp.org}
}
@unpublished{com-fix-poi,
  author    = {William DeMeo},
  title     = {The Commutator as Fixed Point of a Closure Operator},
  year      = {2017},
  note = {Unpublished seminar notes}
}
@article {MR1358491,
    AUTHOR = {Kearnes, Keith A.},
     TITLE = {Varieties with a difference term},
   JOURNAL = {J. Algebra},
  FJOURNAL = {Journal of Algebra},
    VOLUME = {177},
      YEAR = {1995},
    NUMBER = {3},
     PAGES = {926--960},
      ISSN = {0021-8693},
     CODEN = {JALGA4},
   MRCLASS = {08B10 (08B05)},
  MRNUMBER = {1358491},
MRREVIEWER = {H. Peter Gumm},
       DOI = {10.1006/jabr.1995.1334},
       URL = {http://dx.doi.org/10.1006/jabr.1995.1334},
}
